@comment{x-kbibtex-personnameformatting=<%f ><%l>< %s>}

@inproceedings{conf/uss/DingledineMS04,
	abstract = {dblp},
	added-at = {2004-11-26T00:00:00.000+0100},
	author = {Roger Dingledine and Nick Mathewson and Paul F. Syverson},
	booktitle = {{USENIX Security Symposium}},
	crossref = {conf/uss/2004},
	date = {2004-11-26},
	interhash = {4bf9fc004b1ef8c70ebbf7c03f3998f3},
	intrahash = {103b45f0a1926fa42eb49ad356e2689b},
	keywords = {dblp},
	pages = {303--320},
	publisher = {USENIX},
	title = {{Tor: The Second-Generation Onion Router.}},
	x-fetchedfrom = {Bibsonomy},
	year = 2004
}

@inproceedings{conf/ccs/Neff01,
	added-at = {2011-12-23T00:00:00.000+0100},
	author = {C. Andrew Neff},
	biburl = {http://www.bibsonomy.org/bibtex/2eeef1ed6601902420f2953f4d0880670/dblp},
	booktitle = {{ACM Conference on Computer and Communications Security}},
	crossref = {conf/ccs/2001},
	editor = {Michael K. Reiter and Pierangela Samarati},
	ee = {http://doi.acm.org/10.1145/501983.502000},
	interhash = {5ac900a72cc3bde4487a4f237c0774cd},
	intrahash = {eeef1ed6601902420f2953f4d0880670},
	isbn = {1-58113-385-5},
	keywords = {dblp},
	pages = {116--125},
	publisher = {ACM},
	title = {{A verifiable secret shuffle and its application to e-voting.}},
	url = {http://dblp.uni-trier.de/db/conf/ccs/ccs2001.html#Neff01},
	x-fetchedfrom = {Bibsonomy},
	year = 2001
}

@article{journals/joc/Chaum88,
	added-at = {2011-05-24T00:00:00.000+0200},
	author = {David Chaum},
	interhash = {cbf8b8c5da13049cbf7cb488ee579207},
	intrahash = {0dff161e09de08fea3d4c22244cf6f31},
	journal = {J. Cryptology},
	keywords = {dblp},
	number = 1,
	pages = {65--75},
	title = {{The Dining Cryptographers Problem: Unconditional Sender and Recipient Untraceability.}},
	volume = 1,
	x-fetchedfrom = {Bibsonomy},
	year = 1988
}

@article{journals/corr/abs-1004-3057,
	added-at = {2011-12-05T00:00:00.000+0100},
	author = {Henry Corrigan-Gibbs and Bryan Ford},
	interhash = {79446f0a68b13b9a2e3a7e2edc7ff6bd},
	intrahash = {a7943822d4ab3e034009302a81b92fd2},
	journal = {CoRR},
	keywords = {dblp},
	title = {{Accountable Anonymous Group Messaging}},
	volume = {abs/1004.3057},
	x-fetchedfrom = {Bibsonomy},
	year = 2010
}

@article{ElGamal1985,
	added-at = {2011-02-14T16:52:54.000+0100},
	author = {Taher ElGamal},
	biburl = {http://www.bibsonomy.org/bibtex/20a4c62c24a82a9cc492d08588357bfde/fohv},
	interhash = {113cd604261c6b9b5d42a1a151c67363},
	intrahash = {0a4c62c24a82a9cc492d08588357bfde},
	journal = {IEEE Transactions on Information Theory},
	keywords = {imported},
	number = 4,
	pages = {469--472},
	timestamp = {2006.09.13},
	title = {{{A} {P}ublic {K}ey {C}ryptosystem and a {S}ignature {S}cheme based on {D}iscrete {L}ogarithms}},
	volume = 31,
	x-fetchedfrom = {Bibsonomy},
	year = 1985
}

@article{journals/cacm/Chaum81,
	added-at = {2011-06-07T00:00:00.000+0200},
	author = {David Chaum},
	interhash = {b8a6ad728e79d83c6b31abc72a49afb3},
	intrahash = {aa3919ba81fb1b31d8f3ce8956503a97},
	journal = {Commun. ACM},
	keywords = {dblp},
	number = 2,
	pages = {84--88},
	title = {{Untraceable Electronic Mail, Return Addresses, and Digital Pseudonyms.}},
	volume = 24,
	x-fetchedfrom = {Bibsonomy},
	year = 1981
}

@techreport{goel2003herbivore,
	author = {Sharad Goel and Mark Robson and Milo Polte and Emin Sirer},
	institution = {Cornell University},
	title = {{Herbivore: A scalable and efficient protocol for anonymous communication}},
	year = {2003}
}

@inproceedings{von2003k,
	author = {Luis von Ahn and Andrew Bortz and Nicholas J Hopper},
	booktitle = {{Proceedings of the 10th ACM conference on Computer and Communications Security}},
	organization = {ACM},
	pages = {122--130},
	title = {{K-anonymous message transmission}},
	year = {2003}
}

@article{danezis2008survey,
	author = {George Danezis and Claudia Diaz},
	journal = {Computer Communications},
	title = {{A survey of anonymous communication channels}},
	volume = {33},
	year = {2008}
}

@inproceedings{corrigan2013proactively,
	author = {Henry Corrigan-Gibbs and David Isaac Wolinsky and Bryan Ford},
	booktitle = {{USENIX Security}},
	title = {{Proactively accountable anonymous messaging in Verdict}},
	year = {2013}
}

@inproceedings{bos1990detection,
	author = {Jurjen Bos and Bert den Boer},
	booktitle = {{Advances in Cryptology---EUROCRYPT{\rq}89}},
	organization = {Springer},
	pages = {320--327},
	title = {{Detection of disrupters in the DC protocol}},
	year = {1990}
}

@article{waidner1989dining,
	author = {Michael Waidner and Birgit Pfitzmann and others},
	journal = {J.-J. Quisquater and J. Vandewalle, editors, Advances in Cryptology---EUROCRYPT},
	pages = {690},
	title = {{The dining cryptographers in the disco: Unconditional sender and recipient untraceability with computationally secure serviceability}},
	volume = {89},
	year = {1989}
}

@inproceedings{chaum1987demonstrating,
	author = {David Chaum and Jan-Hendrik Evertse and Jeroen van de Graaf and Ren{\'e} Peralta},
	booktitle = {{Advances in Cryptology---CRYPTO{\rq}86}},
	organization = {Springer},
	pages = {200--212},
	title = {{Demonstrating possession of a discrete logarithm without revealing it}},
	year = {1987}
}

@inproceedings{pedersen1992non,
	author = {Torben Pryds Pedersen},
	booktitle = {{Advances in Cryptology---CRYPTO{\rq}91}},
	organization = {Springer},
	pages = {129--140},
	title = {{Non-interactive and information-theoretic secure verifiable secret sharing}},
	year = {1992}
}

@inproceedings{brickell2006efficient,
	author = {Justin Brickell and Vitaly Shmatikov},
	booktitle = {{Proceedings of the 12th ACM SIGKDD international conference on Knowledge discovery and data mining}},
	organization = {ACM},
	pages = {76--85},
	title = {{Efficient anonymity-preserving data collection}},
	year = {2006}
}

@article{lamport1998part,
	author = {Leslie Lamport},
	journal = {ACM Transactions on Computer Systems (TOCS)},
	number = {2},
	pages = {133--169},
	publisher = {ACM},
	title = {{The part-time parliament}},
	volume = {16},
	year = {1998}
}

@inproceedings{castro1999practical,
	author = {Miguel Castro and Barbara Liskov},
	booktitle = {{OSDI}},
	pages = {173--186},
	title = {{Practical Byzantine fault tolerance}},
	volume = {99},
	year = {1999}
}

@article{haeberlen2007peerreview,
	author = {Andreas Haeberlen and Petr Kouznetsov and Peter Druschel},
	journal = {ACM SIGOPS Operating Systems Review},
	number = {6},
	pages = {175--188},
	publisher = {ACM},
	title = {{PeerReview: Practical accountability for distributed systems}},
	volume = {41},
	year = {2007}
}

@inproceedings{juels2004dining,
	author = {Ari Juels},
	booktitle = {{In Advances in Cryptology (EUROCRYPT 2004), Springer LNCS 3027}},
	organization = {Citeseer},
	title = {{Dining Cryptographers Revisited}},
	year = {2004}
}

@book{stinson2006cryptography,
	author = {Douglas R Stinson},
	publisher = {CRC press},
	title = {{Cryptography: theory and practice}},
	volume = {36},
	year = {2006}
}

@article{wolinsky2012dissent,
	author = {David Isaac Wolinsky and Henry Corrigan-Gibbs and Bryan Ford and Aaron Johnson},
	journal = {10th OSDI},
	title = {{Dissent in numbers: Making strong anonymity scale}},
	year = {2012}
}

@inproceedings{murdoch2005low,
	author = {Steven J Murdoch and George Danezis},
	booktitle = {{Security and Privacy, 2005 IEEE Symposium on}},
	organization = {IEEE},
	pages = {183--195},
	title = {{Low-cost traffic analysis of Tor}},
	year = {2005}
}

